@book{reed1998neural,
  title={Neural smithing: supervised learning in feedforward artificial neural networks},
  author={Reed, Russell D and Marks, Robert J},
  year={1998},
  publisher={Mit Press}
}

@book{prince2012computer,
  title={Computer vision: models, learning, and inference},
  author={Prince, Simon JD},
  year={2012},
  publisher={Cambridge University Press}
}

@book{rojas1996neural,
  title={Neural networks: a systematic introduction},
  author={Rojas, Ra{\'u}l},
  year={1996},
  publisher={Springer}
}

@article{bishop1995neural,
  title={Neural networks for pattern recognition},
  author={Bishop, Christopher M and others},
  year={1995},
  publisher={Clarendon press Oxford}
}

@article{cover1965geometrical,
  title={Geometrical and statistical properties of systems of linear inequalities with applications in pattern recognition},
  author={Cover, Thomas M},
  journal={Electronic Computers, IEEE Transactions on},
  number={3},
  pages={326--334},
  year={1965},
  publisher={IEEE}
}

@article{krauth1987learning,
  title={Learning algorithms with optimal stability in neural networks},
  author={Krauth, Werner and M{\'e}zard, Marc},
  journal={Journal of Physics A: Mathematical and General},
  volume={20},
  number={11},
  pages={L745},
  year={1987},
  publisher={IOP Publishing}
}

@techreport{rosenblanttperceptron,
  title={The perceptron, A perceiving and recognizing automation},
  author={Rosenblantt, F},
  institution={Cornell Aeronautical Laboratory Report}
}