@book{reed1998neural,
  title={Neural smithing: supervised learning in feedforward artificial neural networks},
  author={Reed, Russell D and Marks, Robert J},
  year={1998},
  publisher={Mit Press}
}

@book{prince2012computer,
  title={Computer vision: models, learning, and inference},
  author={Prince, Simon JD},
  year={2012},
  publisher={Cambridge University Press}
}

@book{rojas1996neural,
  title={Neural networks: a systematic introduction},
  author={Rojas, Ra{\'u}l},
  year={1996},
  publisher={Springer}
}